<?xml version="1.0" encoding="UTF-8"?><collection xmlns="http://www.loc.gov/MARC21/slim"><record><leader>00527nam--2200181-i-4500</leader><controlfield tag="001">000035255</controlfield><controlfield tag="002">20161230</controlfield><controlfield tag="005">20161230201040</controlfield><controlfield tag="008">060222s1000------------r-----000-0-fre-d</controlfield><datafield ind1=" " ind2=" " tag="040"><subfield code="a">IFIN-HH</subfield></datafield><datafield ind1=" " ind2=" " tag="041"><subfield code="a">fre</subfield></datafield><datafield ind1=" " ind2=" " tag="080"><subfield code="a">539.143.43(043)</subfield></datafield><datafield ind1="1" ind2=" " tag="100"><subfield code="a">Asaln, Bijan</subfield></datafield><datafield ind1="1" ind2="0" tag="245"><subfield code="a">Applications analytiques de la resonance magnetique nucleaire a impulsions basse resolution</subfield><subfield code="b">These</subfield><subfield code="c">Bijan aslan</subfield></datafield><datafield ind1=" " ind2=" " tag="260"><subfield code="a">Lausanne</subfield><subfield code="b">Facute Des Sceinces</subfield><subfield code="c">1975</subfield></datafield><datafield ind1=" " ind2=" " tag="300"><subfield code="a">131P</subfield></datafield><datafield ind1=" " ind2=" " tag="852"><subfield code="a">43663</subfield><subfield code="c">539.143.43</subfield></datafield><datafield ind1=" " ind2=" " tag="CAT"><subfield code="a">Sys</subfield><subfield code="c">20120509</subfield><subfield code="h">162347</subfield></datafield></record></collection>